@article{citation-example,
	title = {Example book},
	volume = {1},
	abstract = {This book is about how to do citations in Latex.},
	language = {EN},
	number = {1},
	journal = {Jonnys test diary},
	author = {Vorname1, Nachname1 and Vorname2, Name2},
	year = {2022},
	pages = {100},
}

@article{Formelsammlung_BHS,
	title = {Formelsammlung SRDP Angewandte Mathemmatik BHS},
	language = {DE},
	author = {Bundesministerium},
	year = {2019},
}

@online{JKU-Logo,
	author = "JKU",
	title = "JKU-Website",
	url  = "http://www-cs-faculty.stanford.edu/~uno/abcde.html",
	addendum = "(accessed: 12.10.2022)",
	keywords = "logo,jku"
}

% article, inproceedings, literature ... is more or less the same
% online ... for links and stuff, soes not really matter