@article{citation-example,
	title = {Example book},
	volume = {1},
	abstract = {This book is about how to do citations in Latex.},
	language = {EN},
	number = {1},
	journal = {Jonnys test diary},
	author = {Vorname1, Nachname1 and Vorname2, Name2},
	year = {2022},
	pages = {100},
}